@misc{web1,
key = {•},
author = {Teresa Martín Blas},
title = {Fuerzas de la Naturaleza},
howpublished = {Universidad Politécnica de Madrid},
year = {2010},
Url = {http://www2.montes.upm.es/dptos/digfa/cfisica/dinam1p/dinam1p_2.html},
}

@misc{webelisa,
key = {•},
author = {Schaeffer, Elisa},
title = {Práctica 9: Interacciones entre partículas},
howpublished = {Página Web},
year = {2019},
Url = {https://elisa.dyndns-web.com/teaching/comp/par/p9.html},
}

