@misc{web1,
author = {Universidad de Salamanca},
title = {Redes Neuronales},
howpublished = {Página Web: Redes Neuronales},
year = {2016},
Url = {http://avellano.fis.usal.es/~lalonso/RNA/index.htm},
}

@misc{webelisa,
author = {Schaeffer, Elisa},
title = {Práctica 12: Redes Neuronales},
howpublished = {Página Web: R Paralelo},
year = {2019},
Url = {https://elisa.dyndns-web.com/teaching/comp/par/p12.html},
}

@misc{web2,
author = {Liliana Saus},
title = {Redes Neuronales},
howpublished = {Repositorio GitHub},
year = {2018},
Url = {https://github.com/pejli/simulacion/tree/master/P12},
}
