@misc{web1,
key = {•},
author = {Rob Womersley},
title = {Local an Global Optimization},
howpublished = {Página Web},
year = {2018},
Url = {https://web.maths.unsw.edu.au/~rsw/lgopt.pdf},
}

@misc{webelisa,
key = {•},
author = {Schaeffer, Elisa},
title = {Práctica 7: Búsqueda Local},
howpublished = {Página Web},
year = {2019},
Url = {https://elisa.dyndns-web.com/teaching/comp/par/p7.html},
}

