@Misc{webelisa5,
key = {•},
author = {Schaeffer, Elisa},
title = {Práctica 5: Método Monte-Carlo},
howpublished = {Página Web},
year = {2019},
Url = {https://elisa.dyndns-web.com/teaching/comp/par/p5.html},
}

@Misc{web1,
key = {•},
author = {Franco García, Ángel},
title = {Los métodos Montecarlo},
howpublished = {Página Web},
year = {2009},
Url = {http://www.sc.ehu.es/sbweb/fisica_/numerico/montecarlo/montecarlo.html},
}

@techreport{ref2,
      author        = "Pia, Maria Grazia and Weidenspointner, Georg",
      title         = "{Monte Carlo Simulation for Particle Detectors}",
      number        = "arXiv:1208.0047",
      month         = "Agosto",
      year          = "2012",
      url           = "http://cds.cern.ch/record/1471335",
      note          = "Comments: CERN Council Open Symposium on European Strategy for Particle Physics, 10 - 12 September 2012, Krakow,
                       Poland",
}


