@misc{elisawebp4,
	Date-Added = {2019-01-22 04:10:39 +0000},
	Date-Modified = {2019-01-22 16:43:27 +0000},
	Lastchecked = {18/02/2019.},
	Month = {01},
	Rating = {5},
	Read = {1},
	Url = {https://elisa.dyndns-web.com/teaching/comp/par/p4.html},
	Year = {2019},
	Bdsk-Url-1 = {https://elisa.dyndns-web.com/teaching/comp/par/p4.html}}

@book{ref1,
title = "Computational geometry : algorithms and applications",
abstract = "NO ABSTRACT",
author = "{Berg, de}, M. and O. Cheong and {Kreveld, van}, M.J. and M.H. Overmars",
year = "2008",
doi = "10.1007/978-3-540-77974-2",
language = "English",
isbn = "978-3-540-77973-5",
publisher = "Springer",
address = "Germany",
edition = "3rd ed",
}
