@misc{web1,
key = {•},
author = {María Gonzales Gonzalo},
title = {Aplicación de procesos de coagulación floculación en la regeneración de aguas depuradas},
howpublished = {Universidad de Zaragoza},
year = {2010},
Url = {https://zaguan.unizar.es/record/4935?ln=es},
}

@misc{webelisa,
key = {•},
author = {Schaeffer, Elisa},
title = {Práctica 8: Modelo de Urnas},
howpublished = {Página Web},
year = {2019},
Url = {https://elisa.dyndns-web.com/teaching/comp/par/p8.html},
}

