@misc{web1,
author = {Gehisy},
title = {El Diagrama de Pareto},
howpublished = {Página Web: Calidad y ADR},
year = {2017},
Url = {https://aprendiendocalidadyadr.com/diagrama-de-pareto/},
}

@misc{webelisa,
author = {Schaeffer, Elisa},
title = {Práctica 11: Frentes de Pareto},
howpublished = {Página Web: R Paralelo},
year = {2019},
Url = {https://elisa.dyndns-web.com/teaching/comp/par/p11.html},
}

@misc{web2,
author = {Angel Moreno},
title = {Frentes de Pareto},
howpublished = {Repositorio GitHub},
year = {2018},
Url = {https://github.com/angisabel44/Simulation/tree/master/Homework11},
}
